% This file was created with JabRef 2.9.2.
% Encoding: Cp1252

@TECHREPORT{Atmel2012,
  author = {Atmel},
  title = {SAM3X-SAM3A Series Summary},
  institution = {Atmel},
  year = {2012},
  type = {Data Sheet},
  number = {11057BS–ATARM–13-Jul-12},
  file = {:references\\AT91SAM3X8EData.pdf:PDF},
  owner = {mufasa},
  timestamp = {2013.08.14},
  url = {http://www.atmel.com/Images/doc11057s.pdf}
}

@TECHREPORT{Atmel2012atmega,
  author = {Atmel},
  title = {8-bit Atmel Microcontroller with 64K/128K/256K Bytes In-SystemProgrammable
	Flash},
  institution = {Atmel},
  year = {2012},
  type = {Data Sheet},
  number = {2549P–AVR–10/2012},
  file = {:references\\atmelATmega2560.pdf:PDF},
  owner = {mufasa},
  timestamp = {2013.08.14},
  url = {http://www.atmel.com/Images/doc2549.pdf}
}

@TECHREPORT{adxl362DataSheet,
  author = {Analog Devices},
  title = {Micropower, 3-Axis,±2 g/±4 g/±8 g Digital Output MEMS Accelerometer},
  year = {2012},
  file = {:references\\ADXL362.pdf:PDF},
  owner = {mufasa},
  timestamp = {2013.06.02}
}

@BOOK{hoernerDrag,
  title = {Fluid-dynamic drag: practical information on aerodynamic drag and
	hydrodynamic resistance},
  publisher = {Hoerner Fluid Dynamics},
  year = {1965},
  author = {Hoerner, Sighard F}
}

@ARTICLE{hoernerLift,
  author = {Hoerner, Sighard F and Borst, Henry V},
  title = {Fluid-dynamic lift: Practical information on aerodynamic and hydrodynamic
	lift},
  journal = {NASA STI/Recon Technical Report A},
  year = {1975},
  volume = {76},
  pages = {32167}
}

@TECHREPORT{hmc5883LDatasheet,
  author = {Honeywell},
  title = {3-Axis Digital Compass IC HMC5883L},
  institution = {Honeywell},
  file = {:references\\HMC5883L-FDS.pdf:PDF},
  owner = {mufasa},
  timestamp = {2013.08.15}
}

@TECHREPORT{DS18B20Datasheet,
  author = {Maxim Integrated},
  title = {DS18B20 Programmable Resolution 1-Wire Digital Thermometer},
  institution = {Maxim Integrated},
  year = {2008},
  file = {:references\\DS18B20.pdf:PDF},
  owner = {mufasa},
  timestamp = {2013.08.14},
  url = {http://datasheets.maximintegrated.com/en/ds/DS18B20.pdf}
}

@TECHREPORT{itg3200DataSheet,
  author = {InvenSense},
  title = {ITG-3200 Product Specification Revision 1.4},
  year = {2010},
  file = {:references\\itg3200DataSheet.pdf:PDF},
  owner = {mufasa},
  timestamp = {2013.06.02}
}

@ARTICLE{kalman60,
  author = {Kalman, Rudolph Emil},
  title = {A New Approach to Linear Filtering and Prediction Problems},
  journal = {Transactions of the ASME--Journal of Basic Engineering},
  year = {1960},
  volume = {82},
  pages = {35--45},
  number = {Series D},
  file = {:references\\Kalman1960.pdf:PDF}
}

@BOOK{klein2006aircraft,
  title = {Aircraft system identification: theory and practice},
  publisher = {American Institute of Aeronautics and Astronautics Reston, VA, USA},
  year = {2006},
  author = {Klein, Vladislav and Morelli, Eugene A}
}

@ARTICLE{wvINSAirData,
  author = {Matthew B. Rhudy; Trenton Larrabee; Haiyang Chao; Yu Gu; Marcello
	Napolitano},
  title = {UAV Attitude, Heading, and Wind Estimation Using GPS/INS and an Air
	Data System},
  year = {2013},
  doi = {10.2514/6.2013-5201},
  file = {:references\\AIAA 2013-5201.pdf:PDF}
}

@BOOK{nicolai2010fundamentals,
  title = {Fundamentals of aircraft and airship design},
  publisher = {Amer Inst of Aeronautics \&},
  year = {2010},
  author = {Nicolai, Leland Malcolm and Carichner, Grant},
  volume = {1}
}

@INPROCEEDINGS{gtUKF,
  author = {Oh, Seung-Min and Johnson, Eric N},
  title = {Development of UAV navigation system based on unscented Kalman filter},
  booktitle = {AIAA Guidance, Navigation and Control Conference},
  year = {2006}
}

@MANUAL{magCalibration,
  title = {Calibrating an eCompass in the Presence of Hard and Soft-Iron Interference},
  author = {Talat Ozyagcilar},
  organization = {Freescale Semiconductors},
  edition = {Rev 3.0},
  month = {04},
  year = {2013},
  file = {:references\\magCalibration.pdf:PDF},
  owner = {mufasa},
  timestamp = {2013.08.30},
  url = {http://cache.freescale.com/files/sensors/doc/app_note/AN4246.pdf}
}

@TECHREPORT{pressureStandard,
  author = {Paroscientific},
  title = {Model 745 High Accuracy Portable Pressure Standard Data Sheet},
  institution = {Paroscientific},
  file = {:references\\Model745.pdf:PDF},
  owner = {mufasa},
  timestamp = {2013.10.02}
}

@ELECTRONIC{ellipsoidFit,
  author = {Yury Petrov},
  month = {08},
  year = {2013},
  title = {Ellipsoid Fit},
  howpublished = {Matlab File Exchange},
  url = {http://www.mathworks.com/matlabcentral/fileexchange/24693-ellipsoid-fit/content/ellipsoid_fit.m},
  owner = {mufasa},
  timestamp = {2013.08.30}
}

@BOOK{prandtl1923applications,
  title = {Applications of modern hydrodynamics to aeronautics},
  publisher = {National Advisory Committee for Aeronautics},
  year = {1923},
  author = {Prandtl, Ludwig},
  file = {:references\\naca-report-116.pdf:PDF}
}

@BOOK{raymer,
  title = {Aircraft design: a conceptual approach},
  publisher = {American Institute of Aeronautics and Astronautics},
  year = {1999},
  author = {Raymer, Daniel P and others},
  volume = {3},
  file = {:references\\Raymer_-_Aircraft_Design_-_A_Conceptual_Approach.pdf:PDF}
}

@BOOK{roskam1985airplane,
  title = {Airplane design},
  publisher = {DARcorporation},
  year = {1985},
  author = {Roskam, Jan}
}

@TECHREPORT{allSensorsBaroDatasheet,
  author = {All Sensors},
  title = {DS-0010},
  institution = {All Sensors},
  file = {:references\\DS-0010-Rev-A.pdf:PDF},
  owner = {mufasa},
  timestamp = {2013.08.14},
  url = {http://www.allsensors.com/products/BARO-DO}
}

@TECHREPORT{hmr2300DataSheet,
  author = {Honeywell Magnetic Sensors},
  title = {Smart Digital Magnetometer HMR2300},
  institution = {Honeywell},
  year = {2006},
  file = {:references\\HMR2300.pdf:PDF},
  owner = {mufasa},
  timestamp = {2013.08.14},
  url = {http://www51.honeywell.com/aero/common/documents/myaerospacecatalog-documents/Missiles-Munitions/HMR2300.pdf}
}

@TECHREPORT{Sparkfunadxl362BOB,
  author = {Sparkfun},
  title = {ADXL362 BOB v01},
  institution = {Sparkfun},
  year = {2012},
  file = {:references\\ADXL362 BOB v01.pdf:PDF},
  owner = {mufasa},
  timestamp = {2013.08.14},
  url = {http://dlnmh9ip6v2uc.cloudfront.net/datasheets/BreakoutBoards/ADXL362%20BOB%20v01.pdf}
}

@TECHREPORT{hmc5883LSchematic,
  author = {Sparkfun},
  title = {HMC5883L Breakout v11},
  institution = {Sparkfun},
  year = {2011},
  file = {:references\\HMC5883L_Breakout-v11.pdf:PDF},
  owner = {mufasa},
  timestamp = {2013.08.15},
  url = {http://dlnmh9ip6v2uc.cloudfront.net/datasheets/BreakoutBoards/HMC5883L_Breakout-v11.pdf}
}

@TECHREPORT{itg3200BOBSchematic,
  author = {Sparkfun},
  title = {ITG 3200 V10},
  institution = {Sparkfun},
  year = {2010},
  type = {Schematic},
  file = {:references\\ITG-3200-v10.pdf:PDF},
  owner = {mufasa},
  timestamp = {2013.08.14},
  url = {https://www.sparkfun.com/datasheets/Sensors/Gyro/ITG-3200-v10.pdf}
}

@ARTICLE{stevens2003aircraft,
  author = {Stevens, Brian L and Lewis, Frank L},
  title = {Aircraft control and simulation},
  year = {2003},
  publisher = {Wiley-Interscience}
}

@TECHREPORT{U-Line,
  author = {U-Line},
  title = {Easy-Count Counting Scale Data Sheet},
  institution = {U-Line},
  file = {:references\\scaleDataSheet.PDF:PDF},
  owner = {mufasa},
  timestamp = {2013.06.02}
}

@ELECTRONIC{ubloxDemo,
  author = {Doug Weibel},
  month = {December},
  year = {2012},
  title = {Proof of Concept test - Extremely accurate 3D velocity measurement
	with a ublox 6T module.},
  organization = {DIY Drones},
  url = {http://diydrones.com/profiles/blogs/proof-of-concept-test-extremely-accurate-3d-velocity-measurement},
  owner = {mufasa},
  timestamp = {2013.06.02}
}

@MISC{welch1995introduction,
  author = {Welch, Greg and Bishop, Gary},
  title = {An introduction to the Kalman filter},
  year = {1995},
  file = {:references\\kalman_intro.pdf:PDF}
}

