% This file was created with JabRef 2.9.2.
% Encoding: Cp1252

@TECHREPORT{adxl362DataSheet,
  author = {Analog Devices},
  title = {Micropower, 3-Axis,±2 g/±4 g/±8 g Digital Output MEMS Accelerometer},
  year = {2012},
  file = {:references\\ADXL362.pdf:PDF},
  owner = {mufasa},
  timestamp = {2013.06.02}
}

@TECHREPORT{HoneywellIPTDataSheet,
  author = {Honeywell},
  title = {Integrated Pressure Transducer
	
	IPT Data Sheet},
  year = {2012},
  file = {:references\\iptDataSheet.pdf:PDF},
  owner = {mufasa},
  timestamp = {2013.06.02}
}

@TECHREPORT{honeywellHMR3500,
  author = {Honeywell},
  title = {TruePoint™ Compass Module 
	
	HMR3500},
  year = {2008},
  file = {:references\\HMR3500.pdf:PDF},
  owner = {mufasa},
  timestamp = {2013.06.01}
}

@TECHREPORT{itg3200DataSheet,
  author = {InvenSense},
  title = {ITG-3200 Product Specification Revision 1.4},
  year = {2010},
  file = {:references\\itg3200DataSheet.pdf:PDF},
  owner = {mufasa},
  timestamp = {2013.06.02}
}

@TECHREPORT{Joseph1988,
  author = {Joseph, E},
  title = {Angle of Attack and Sideslip Estimation Using an Inertial Reference
	Platform},
  institution = {DTIC Document},
  year = {1988},
  file = {:references\\Angle of Attack and Sideslip Estimation Using an Inertial Reference Platform.pdf:PDF}
}

@BOOK{klein2006aircraft,
  title = {Aircraft system identification: theory and practice},
  publisher = {American Institute of Aeronautics and Astronautics Reston, VA, USA},
  year = {2006},
  author = {Klein, Vladislav and Morelli, Eugene A}
}

@ARTICLE{langelaan2011wind,
  author = {Langelaan, Jack W and Alley, Nicholas and Neidhoefer, James},
  title = {Wind field estimation for small unmanned aerial vehicles},
  journal = {Journal of Guidance, Control, and Dynamics},
  year = {2011},
  volume = {34},
  pages = {1016--1030},
  number = {4},
  file = {:references\\lanall10.pdf:PDF}
}

@ARTICLE{Lie2013,
  author = {Lie, F. Adhika Pradipta and Gebre-Egziabher, Demoz},
  title = {Synthetic Air Data System},
  journal = {Journal of Aircraft},
  year = {2013},
  pages = {1--16},
  month = may,
  __markedentry = {[mufasa:6]},
  booktitle = {Journal of Aircraft},
  comment = {doi: 10.2514/1.C032177},
  doi = {10.2514/1.C032177},
  file = {:references\\Synthetic Air Data System.pdf:PDF},
  issn = {0021-8669},
  owner = {mufasa},
  publisher = {American Institute of Aeronautics and Astronautics},
  timestamp = {2013.06.02},
  url = {http://dx.doi.org/10.2514/1.C032177}
}

@ARTICLE{morelli2012real,
  author = {Morelli, Eugene A},
  title = {Real-Time Aerodynamic Parameter Estimation without Air Flow Angle
	Measurements},
  journal = {Journal of Aircraft},
  year = {2012},
  volume = {49},
  pages = {1064--1074},
  number = {4},
  file = {:references\\Real-Time Aerodynamic Parameter Estimation Without.pdf:PDF}
}

@MISC{nelsonflight,
  author = {Nelson, RC},
  title = {Flight stability and automatic control},
  year = {1998},
  publisher = {McGraw-Hill, ISBN 0-07-046273-9}
}

@TECHREPORT{olson2000aircraft,
  author = {Olson, Wayne M},
  title = {Aircraft Performance Flight Testing},
  institution = {DTIC Document},
  year = {2000},
  file = {:references\\aircraft performance flight testing.pdf:PDF}
}

@PHDTHESIS{osborne2007transitions,
  author = {Osborne, Stephen R},
  title = {Transitions between hover and level flight for a tailsitter uav},
  school = {Citeseer},
  year = {2007},
  file = {:references\\Osborne_BYU.pdf:PDF}
}

@ARTICLE{ramprasadh2012multistage,
  author = {Ramprasadh, C and Arya, Hemendra},
  title = {Multistage-Fusion Algorithm for Estimation of Aerodynamic Angles
	in Mini Aerial Vehicle},
  journal = {Journal of Aircraft},
  year = {2012},
  volume = {49},
  pages = {93--100},
  number = {1},
  file = {:references\\1%2Ec031322.pdf:PDF}
}

@ARTICLE{roskam2001airplane,
  author = {Roskam, Jan},
  title = {Airplane Flight Dynamics and Automatic Flight Controls, Design},
  journal = {Analysis and Research Corporation, Lawrence, KS},
  year = {2001}
}

@ARTICLE{stevens2003aircraft,
  author = {Stevens, Brian L and Lewis, Frank L},
  title = {Aircraft control and simulation},
  year = {2003},
  publisher = {Wiley-Interscience}
}

@TECHREPORT{ubloxDataSheet,
  author = {uBlox},
  title = {LEA-6
	
	u-blox 6 GPS Modules
	
	Data Sheet},
  year = {2013},
  file = {ubloxDataSheet.pdf:references\\ubloxDataSheet.pdf:PDF},
  owner = {mufasa},
  timestamp = {2013.06.02}
}

@TECHREPORT{U-Line,
  author = {U-Line},
  title = {Easy-Count Counting Scale Data Sheet},
  institution = {U-Line},
  file = {:references\\scaleDataSheet.PDF:PDF},
  owner = {mufasa},
  timestamp = {2013.06.02}
}

@ELECTRONIC{ubloxDemo,
  author = {Doug Weibel},
  month = {December},
  year = {2012},
  title = {Proof of Concept test - Extremely accurate 3D velocity measurement
	with a ublox 6T module.},
  organization = {DIY Drones},
  url = {http://diydrones.com/profiles/blogs/proof-of-concept-test-extremely-accurate-3d-velocity-measurement},
  owner = {mufasa},
  timestamp = {2013.06.02}
}

@MISC{welch1995introduction,
  author = {Welch, Greg and Bishop, Gary},
  title = {An introduction to the Kalman filter},
  year = {1995},
  file = {:references\\kalman_intro.pdf:PDF}
}

@ARTICLE{white1980heteroskedasticity,
  author = {White, Halbert},
  title = {A heteroskedasticity-consistent covariance matrix estimator and a
	direct test for heteroskedasticity},
  journal = {Econometrica: Journal of the Econometric Society},
  year = {1980},
  pages = {817--838},
  file = {:references\\1912934.pdf:PDF},
  publisher = {JSTOR}
}

